@inproceedings{mucha,
    author = {Mucha, Marcin and Sankowski, Piotr},
    year = {2004},
    pages = {248--255},
    title = {Maximum matchings via Gaussian elimination},
    journal = {Proceedings of the 45th Annual Symposium on Foundations of Computer Science (FOCS)}
}

@article{edmonds,
    title={Paths, Trees, and Flowers},
    volume={17},
    journal={Canadian Journal of Mathematics},
    author={Edmonds, Jack},
    year={1965},
    pages={449--467}
}

@article{tutte,
    author = {Tutte, William},
    title = {The Factorization of Linear Graphs},
    journal = {Journal of the London Mathematical Society},
    volume = {s1-22},
    number = {2},
    pages = {107--111},
    year = {1947}
}

@inproceedings{lovasz,
    author = {Lov\'asz, L\'aszl\'o},
    year = {1979},
    pages = {565--574},
    title = {On determinants, matchings and random algorithms},
    booktitle = {Fundamentals of Computation Theory: Proceedings of the Conference on Algebraic, Arithmetic, and Categorial Methods in Computation Theory Held in Berlin/Wendisch-Rietz},
    editor = {Budach, Lothar},
    publisher = {Akademie-Verlag}
}

@article{rabin_vazirani,
    title = {Maximum matchings in general graphs through randomization},
    journal = {Journal of Algorithms},
    volume = {10},
    number = {4},
    pages = {557--567},
    year = {1989},
    author = {Rabin, Michael and Vazirani, Vijay},
}

@article{ibarra_moran,
    title = {Deterministic and probabilistic algorithms for maximum bipartite matching via fast matrix multiplication},
    journal = {Information Processing Letters},
    volume = {13},
    number = {1},
    pages = {12--15},
    year = {1981},
    author = {Ibarra, Oscar and Moran, Shlomo}
}

@book{lovasz2,
    author = {Lov\'asz, L\'aszl\'o and Plummer, Michael},
    title = {Matching Theory},
    year = {1986},
    publisher = {AMS Chelsea Publishing}
}

@article{penrose,
    title={On best approximate solutions of linear matrix equations},
    volume={52},
    number={1},
    journal={Mathematical Proceedings of the Cambridge Philosophical Society},
    author={Penrose, Roger},
    year={1956},
    pages={17--19}
}

@book{rosen,
    author = {Rosen, Kenneth},
    title = {Discrete Mathematics and its Applications},
    year = {2002},
    publisher = {McGraw-Hill},
    edition = {5th}
}

@inproceedings{madry,
    title={Computing Maximum Flow with Augmenting Electrical Flows}, 
    author={M\k{a}dry, Aleksander},
    booktitle = {Proceedings of the 57th Annual Symposium on Foundations of Computer Science (FOCS)},
    year={2016},
    pages={593--602}
}

@misc{flow_rounding,
    title={Flow Rounding}, 
    author={Donggu Kang and James Payor},
    year={2015},
    eprint={1507.08139},
    archivePrefix={arXiv},
    primaryClass={cs.DS},
    url={https://arxiv.org/abs/1507.08139}, 
}

@misc{koala_networkit,
  author       = {Krzysztof Turowski},
  title        = {Koala-NetworKit},
  url          = {https://github.com/krzysztof-turowski/koala-networkit},
  note         = {GitHub repository},
}

@misc{networkit,
  title        = {NetworKit: Efficient Network Analysis},
  url          = {https://networkit.github.io/},
  note         = {Project website}
}

@misc{eigen,
  title        = {Eigen: C++ Template Library for Linear Algebra},
  url          = {https://eigen.tuxfamily.org/},
  note         = {Project website}
}

@misc{ntl,
  title        = {NTL: A Library for doing Number Theory},
  url          = {https://libntl.org/},
  note         = {Project website}
}

@article{dynamic_trees,
    title = {A data structure for dynamic trees},
    journal = {Journal of Computer and System Sciences},
    volume = {26},
    number = {3},
    pages = {362--391},
    year = {1983},
    author = {Sleator, Daniel and Tarjan, Robert}
}

@article{dynamic_components,
    author = {Holm, Jacob and de Lichtenberg, Kristian and Thorup, Mikkel},
    title = {Poly-logari\-thmic deterministic fully-dynamic algorithms for connectivity, minimum spanning tree, 2-edge, and biconnectivity},
    year = {2001},
    volume = {48},
    number = {4},
    journal = {Journal of the ACM},
    pages = {723--760}
}

@article{kuhn,
    author = {Kuhn, Harold},
    title = {The Hungarian method for the assignment problem},
    journal = {Naval Research Logistics Quarterly},
    volume = {2},
    number = {1--2},
    pages = {83--97},
    year = {1955}
}

@article{gabow,
    author = {Gabow, Harold},
    title = {An Efficient Implementation of Edmonds' Algorithm for Maximum Matching on Graphs},
    year = {1976},
    volume = {23},
    number = {2},
    journal = {Journal of the ACM},
    pages = {221--234}
}

@article{hopcroft-karp,
    author = {Hopcroft, John and Karp, Richard},
    title = {An $n^{5/2} $ Algorithm for Maximum Matchings in Bipartite Graphs},
    journal = {SIAM Journal on Computing},
    volume = {2},
    number = {4},
    pages = {225--231},
    year = {1973}
}

@inproceedings{micali-vazirani,
  author={Micali, Silvio and Vazirani, Vijay},
  booktitle={21st Annual Symposium on Foundations of Computer Science (sfcs 1980)}, 
  title={An O(v|v| c |E|) algoithm for finding maximum matching in general graphs}, 
  year={1980},
  volume={},
  number={},
  pages={17-27},
  keywords={Delay;Labeling;History;Scholarships},
  doi={10.1109/SFCS.1980.12}}

@article{hopcroft-bunch,
  title={Triangular Factorization and Inversion by Fast Matrix Multiplication},
  author={Bunch, James and Hopcroft, John},
  journal={Mathematics of Computation},
  year={1974},
  volume={28},
  pages={231--236}
}

@article{ford-fulkerson,
    author = {Fulkerson, Delbert and Dantzig, George},
    title = {Computation of maximal flows in networks},
    journal = {Naval Research Logistics Quarterly},
    volume = {2},
    number = {4},
    pages = {277--283},
    year = {1955}
}

@article{edmonds-karp,
    author = {Edmonds, Jack and Karp, Richard},
    title = {Theoretical Improvements in Algorithmic Efficiency for Network Flow Problems},
    year = {1972},
    volume = {19},
    number = {2},
    journal = {Journal of the ACM},
    pages = {248--264}
}

@article{push-relabel,
    author = {Goldberg, Andrew and Tarjan, Robert},
    title = {A new approach to the maximum-flow problem},
    year = {1988},
    volume = {35},
    number = {4},
    journal = {Journal of the ACM},
    pages = {921--940}
}

@misc{new_flow_24,
      title={Maximum Flow by Augmenting Paths in $n^{2+o(1)}$ Time}, 
      author={Bernstein, Aaron and Blikstad, Joakim and Saranurak, Thatchaphol and Tu, Ta-Wei},
      year={2024},
      eprint={2406.03648},
      archivePrefix={arXiv},
      primaryClass={cs.DS},
      url={https://arxiv.org/abs/2406.03648}, 
}

@article{matrix_strassen,
    author = {Strassen, Volker},
    journal = {Numerische Mathematik},
    pages = {354--356},
    title = {Gaussian Elimination is not Optimal},
    volume = {13},
    year = {1969},
}

@article{matrix_coppersmith,
    title = {Matrix multiplication via arithmetic progressions},
    journal = {Journal of Symbolic Computation},
    volume = {9},
    number = {3},
    pages = {251--280},
    year = {1990},
    author = {Coppersmith, Don and Winograd, Shmuel},
}

@inproceedings{matrix_williams,
    author = {Williams, Virginia Vassilevska},
    title = {Multiplying matrices faster than Cop\-per\-smith-Winograd},
    year = {2012},
    booktitle = {Proceedings of the 44th Annual ACM Symposium on Theory of Computing},
    pages = {887--898}
}

@misc{matrix_latest,
    title={More Asymmetry Yields Faster Matrix Multiplication}, 
    author={Alman, Josh and Duan, Ran and Williams, Virginia Vassilevska and Xu, Yinzhan and Xu, Zixuan and Zhou, Renfei},
    year={2024},
    eprint={2404.16349},
    archivePrefix={arXiv},
    primaryClass={cs.DS},
    url={https://arxiv.org/abs/2404.16349}, 
}

@article{matrix_schonhage,
    author = {Sch\"{o}nhage, Arnold},
    title = {Partial and Total Matrix Multiplication},
    journal = {SIAM Journal on Computing},
    volume = {10},
    number = {3},
    pages = {434--455},
    year = {1981}
}

@misc{svd_wiki,
  author       = {{Wikipedia contributors}},
  title        = {Singular value decomposition -- Wikipedia{,} The Free Encyclopedia},
  url          = {https://en.wikipedia.org/wiki/Singular_value_decomposition},
}

@misc{laplacian_wiki,
  author       = {{Wikipedia contributors}},
  title        = {Laplacian Matrix -- Wikipedia{,} The Free Encyclopedia},
  url          = {https://en.wikipedia.org/wiki/Laplacian_matrix},
}


@misc{wiki_norm,
  author       = {{Wikipedia contributors}},
    title        = {Norm (mathematics) --- Wikipedia{,} The Free Encyclopedia},
    url          = {https://en.wikipedia.org/wiki/Norm_(mathematics)},
}

@misc{wiki_moore,
  author       = {{Wikipedia contributors}},
    title = {Moore--Penrose inverse --- Wikipedia{,} The Free Encyclopedia},
    url = {https://en.wikipedia.org/wiki/Moore%E2%80%93Penrose_inverse},
}
